<record><leader>00000cas a2200000 a 4500</leader><controlfield tag="001">11898298</controlfield><controlfield tag="008">850409d18851890ksuwr ne      0    0eng d</controlfield><datafield ind1=" " ind2=" " tag="010"><subfield code="a">sn 85030269 </subfield></datafield><datafield ind1=" " ind2=" " tag="040"><subfield code="a">KSH</subfield><subfield code="b">eng</subfield><subfield code="c">KSH</subfield><subfield code="d">NPT</subfield><subfield code="d">OCL</subfield><subfield code="d">OCLCQ</subfield></datafield><datafield ind1=" " ind2=" " tag="042"><subfield code="a">msc</subfield></datafield><datafield ind1="0" ind2="0" tag="245"><subfield code="a">Fowler City graphic.</subfield></datafield><datafield ind1=" " ind2=" " tag="260"><subfield code="a">Fowler, Kan. :</subfield><subfield code="b">E.E. Henley,</subfield><subfield code="c">-1890.</subfield></datafield><datafield ind1=" " ind2=" " tag="300"><subfield code="a">v. :</subfield><subfield code="b">ill. ;</subfield><subfield code="c">63 cm.</subfield></datafield><datafield ind1=" " ind2=" " tag="310"><subfield code="a">Weekly</subfield></datafield><datafield ind1="0" ind2=" " tag="362"><subfield code="a">-v. 5, no. 37 (Feb. 8, 1890).</subfield></datafield><datafield ind1="1" ind2=" " tag="362"><subfield code="a">Began in 1885.</subfield><subfield code="z">Cf. Ayer, 1886.</subfield></datafield><datafield ind1=" " ind2=" " tag="500"><subfield code="a">Published by: C.D. Majors, Oct. 13, 1887-Sept. 1, 1888; O.S. Hurd, Sept. 8, 1888-Feb. 8, 1890.</subfield></datafield><datafield ind1=" " ind2=" " tag="500"><subfield code="a">"Republican," Oct. 13, 1887-Feb. 8, 1890.</subfield></datafield><datafield ind1=" " ind2=" " tag="525"><subfield code="a">Includes supplements.</subfield></datafield><datafield ind1=" " ind2=" " tag="588"><subfield code="a">Description based on: Vol. 1, no. 5 (July 2, 1885).</subfield></datafield><datafield ind1=" " ind2=" " tag="752"><subfield code="a">United States</subfield><subfield code="b">Kansas</subfield><subfield code="c">Meade</subfield><subfield code="d">Fowler.</subfield></datafield><datafield ind1="1" ind2=" " tag="029"><subfield code="a">AU@</subfield><subfield code="b">000020378449</subfield></datafield></record>